@software{lsb,
  author  = "Linux Foundation",
  title   = "Linux Standard Base",
  url     = "https://refspecs.linuxfoundation.org/lsb.shtml",
  version = "5.0",
  year    = 2015
}

@software{fhs,
  author  = "Linux Foundation",
  title   = "Filesystem Hierarchy Standard",
  url     = "https://refspecs.linuxfoundation.org/fhs.shtml",
  version = "3.0",
  year    = 2015
}

@book{lfs,
  author    = "Gerard Beekmans et al",
  title     = "Linux From Scratch",
  url       = "https://www.linuxfromscratch.org/lfs/",
  version   = "11.2",
  year      = 2022
}

@software{alfs,
  author  = "Jeremy Huntwork et al",
  title   = "Automated Linux From Scratch",
  url     = "https://linuxfromscratch.org/alfs/",
  version = "11.2",
  year    = 2022
}

@software{mll,
  author  = "Ivan Davidov",
  title   = "Minimal Linux Live",
  url     = "https://github.com/ivandavidov/minimal",
  date    = "15-12-2019"
}
