% Standards

@misc{lsb,
  author  = {Linux Foundation"},
  title   = {Linux Standard Base"},
  url     = {https://refspecs.linuxfoundation.org/lsb.shtml"},
  version = {5.0},
  year    = {2015}
}

@misc{fhs,
  author  = {Linux Foundation},
  title   = {Filesystem Hierarchy Standard},
  url     = {https://refspecs.linuxfoundation.org/fhs.shtml},
  version = {3.0},
  year    = {2015}
}

% Books

@book{lfs,
  author  = {Gerard Beekmans et al},
  title   = {Linux From Scratch},
  url     = {https://www.linuxfromscratch.org/lfs/},
  version = {11.2},
  year    = {2022}
}

@misc{alfs,
  author  = {Jeremy Huntwork et al},
  title   = {Automated Linux From Scratch},
  url     = {https://linuxfromscratch.org/alfs/},
  version = {11.2},
  year    = {2022}
}

% Projects

@misc{mls,
  author  = {Ivan Davidov},
  title   = {Minimal Linux Script},
  url     = {https://github.com/ivandavidov/minimal-linux-script},
  date    = {14-06-2022}
}

@misc{mll,
  author  = {Ivan Davidov},
  title   = {Minimal Linux Live},
  url     = {https://github.com/ivandavidov/minimal},
  date    = {15-12-2019}
}

% Other

@misc{free,
  author       = {Free Software Foundation},
  title        = {What is Free Software?},
  url          = {https://www.gnu.org/philosophy/free-sw.html},
  date         = {25-06-2022}
}

@misc{open,
  author       = {Open Source Initiative},
  title        = {The Open Source Definition (Annotated)},
  url          = {https://opensource.org/definition/},
  date         = {25-06-2022}
}
