% Books

@book{lfs,
  author  = {Gerard Beekmans et al},
  title   = {Linux {F}rom {S}cratch},
  url     = {https://www.linuxfromscratch.org/lfs/},
  version = {11.2},
  year    = {2022}
}

@misc{alfs,
  author  = {Jeremy Huntwork et al},
  title   = {Automated {L}inux {F}rom {S}cratch},
  url     = {https://linuxfromscratch.org/alfs/},
  version = {11.2},
  year    = {2022}
}

% Main projects

@misc{mls,
  author  = {Ivan Davidov},
  title   = {Minimal {L}inux {S}cript},
  url     = {https://github.com/ivandavidov/minimal-linux-script},
  date    = {14-06-2022}
}

@misc{mll,
  author  = {Ivan Davidov},
  title   = {Minimal {L}inux {L}ive},
  url     = {https://github.com/ivandavidov/minimal},
  date    = {15-12-2019}
}

@misc{busybox,
  author       = {Denys Vlasenko et al.},
  title        = {Busy{B}ox},
  url          = {https://busybox.net/},
  version      = {1.36.0},
  date         = {2023}
}

@misc{toybox,
  author       = {Robert Landley et al.},
  title        = {Toybox},
  url          = {https://landley.net/toybox/},
  version      = {0.8.9},
  date         = {2023}
}

@misc{coreutils,
  author       = {The GNU Project},
  title        = {Coreutils - {GNU} core utilities},
  url          = {https://www.gnu.org/software/coreutils/},
  version      = {9.1},
  year         = {2023}
}

@misc{9base,
  author       = {Plan 9 and Anselm R Garbe},
  title        = {9base},
  url          = {https://tools.suckless.org/9base/},
  year         = {2023}
}

@misc{s6-linux,
  author       = {Laurent Bercot et al.},
  title        = {s6-linux-utils},
  url          = {https://www.skarnet.org/software/s6-linux-utils/},
  version      = {2.6.0.1},
  year         = {2023}
}

@misc{s6-portable,
  author       = {Laurent Bercot et al.},
  title        = {s6-portable-utils},
  url          = {https://www.skarnet.org/software/s6-portable-utils/},
  version      = {2.2.5.1},
  year         = {2023}
}

@misc{ubase,
  author       = {Dimitris Papastamos et al.},
  title        = {ubase - unportable base},
  url          = {https://core.suckless.org/ubase/},
  year         = {2022}
}

@misc{sbase,
  author       = {Connor Smith et al.},
  title        = {sbase - suckless base},
  url          = {https://www.gnu.org/software/coreutils/},
  year         = {2022}
}

% Alternative projects

@misc{s6,
  author       = {Laurent Bercot et al.},
  title        = {s6},
  url          = {https://skarnet.org/software/s6/},
  version      = {2.11.3.0},
  year         = {2023}
}

@misc{s6-rc,
  author       = {Laurent Bercot et al.},
  title        = {s6-rc},
  url          = {https://skarnet.org/software/s6-rc/},
  version      = {0.5.4.1},
  year         = {2023}
}

@misc{s6-linux-init,
  author       = {Laurent Bercot et al.},
  title        = {s6-linux-init},
  url          = {https://skarnet.org/software/s6-linux-init/},
  version      = {1.1.0.0},
  year         = {2023}
}

@misc{oawk,
  author       = {Brian Kernighan},
  title        = {One true awk},
  url          = {https://github.com/onetrueawk/awk},
  year         = {2022}
}

@misc{lilo,
  author       = {Werner Almesberger et al.},
  title        = {{LILO} {B}ootloader for {GNU}/{L}inux},
  url          = {https://www.joonet.de/lilo/},
  year         = {2015}
}

@misc{refind,
  author       = {Roderick W. Smith},
  title        = {The r{EFI}nd {B}oot {M}anager},
  url          = {https://rodsbooks.com/refind/},
  year         = {2023}
}

@misc{minit,
  author       = {Felix von Leitner},
  title        = {minit - a small yet feature-complete init},
  url          = {https://www.fefe.de/minit/},
  year         = {2023}
}

@misc{openrc,
  author       = {William Hubbs et al.},
  title        = {The {O}pen{RC} init system},
  url          = {https://github.com/OpenRC/openrc},
  year         = {2023}
}

@misc{runit,
  author       = {Gerrit Pape},
  title        = {runit - a {UNIX} init scheme with service supervision},
  url          = {http://smarden.org/runit/},
  year         = {2023}
}

@misc{shepherd,
  author       = {The GNU Project},
  title        = {The {GNU} {S}hepherd},
  url          = {https://www.gnu.org/software/shepherd/},
  year         = {2023}
}

@misc{metalog,
  author       = {Laurent Wandrebeck et al.},
  title        = {Metalog},
  url          = {https://github.com/hvisage/metalog},
  year         = {2022}
}

@misc{mksh,
  author       = {The MirOS Project},
  title        = {The {MirBSD} {K}orn {S}hell},
  url          = {http://www.mirbsd.org/mksh.htm},
  year         = {2023}
}

@misc{oksh,
  author       = {Eric Gisin et al.},
  title        = {Portable {O}pen{BSD} ksh},
  url          = {https://github.com/ibara/oksh},
  year         = {2023}
}

@misc{rc,
  author       = {Byron Rakitzis},
  title        = {rc shell},
  url          = {https://github.com/rakitzis/rc},
  year         = {2021}
}

@misc{yash,
  author       = {Watanabe Yuki},
  title        = {Yet another shell},
  url          = {https://yash.osdn.jp/},
  year         = {2023}
}

@misc{nano,
  author       = {The GNU Project},
  title        = {{GNU} {N}ano},
  url          = {https://www.nano-editor.org/},
  year         = {2023}
}

@misc{chibicc,
  author       = {Ueyama Rui},
  title        = {A small {C} compiler},
  url          = {https://github.com/rui314/chibicc},
  year         = {2020}
}

@misc{cparser,
  author       = {Firm},
  title        = {Cparser},
  url          = {https://pp.ipd.kit.edu/firm/},
  year         = {2023}
}

@misc{musl,
  author       = {A. Wilcox et al.},
  title        = {musl libc},
  url          = {https://musl.libc.org/},
  year         = {2023}
}

@misc{uclibc-ng,
  author       = {Waldemar Brodkorb et al.},
  title        = {u{C}libc-ng - {E}mbedded {C} library},
  url          = {https://www.uclibc-ng.org/},
  year         = {2023}
}

% Standards

@misc{lsb,
  author  = {Linux Foundation"},
  title   = {Linux Standard Base"},
  url     = {https://refspecs.linuxfoundation.org/lsb.shtml"},
  version = {5.0},
  year    = {2015}
}

@misc{fhs,
  author  = {Linux Foundation},
  title   = {Filesystem Hierarchy Standard},
  url     = {https://refspecs.linuxfoundation.org/fhs.shtml},
  version = {3.0},
  year    = {2015}
}

% Organizations

@misc{fsf,
  author       = {Free Software Foundation},
  title        = {What is Free Software?},
  url          = {https://www.gnu.org/philosophy/free-sw.html},
  date         = {25-06-2022}
}

@misc{osi,
  author       = {Open Source Initiative},
  title        = {The Open Source Definition (Annotated)},
  url          = {https://opensource.org/definition/},
  date         = {25-06-2022}
}
