% Linux for learners system

@misc{lfl,
  author       = {Oscar Szumiak},
  title        = {Linux for learners},
  url          = {https://github.com/osdjp-lab/linux-for-learners},
  year         = {2023}
}

% Standards

@misc{lsb,
  author       = {Linux Foundation},
  title        = {{Linux Standard Base}},
  url          = {https://refspecs.linuxfoundation.org/lsb.shtml},
  version      = {5.0},
  date         = {2023-02-24}
}

@misc{fhs,
  author       = {Linux Foundation},
  title        = {{Filesystem Hierarchy Standard}},
  url          = {https://refspecs.linuxfoundation.org/fhs.shtml},
  version      = {3.0},
  date         = {2023-02-24}
}

@misc{susv4,
  author       = {IEEE and The Open Group},
  title        = {{The Single UNIX Specification}},
  url          = {https://unix.org/version4/},
  version      = {4},
  date         = {2023-03-02}
}

@ARTICLE{posix,
  author={},
  journal={IEEE Std 1003.1-2017 (Revision of IEEE Std 1003.1-2008)}, 
  title={IEEE Standard for Information Technology--Portable Operating System Interface (POSIX(TM)) Base Specifications, Issue 7}, 
  year={2018},
  pages={1-3951},
  doi={10.1109/IEEESTD.2018.8277153}
}

% Organizations

@misc{fsf,
  author       = {Free Software Foundation},
  title        = {{What is Free Software?}},
  url          = {https://www.gnu.org/philosophy/free-sw.html},
  date         = {2023-02-24}
}

@misc{osi,
  author       = {Open Source Initiative},
  title        = {{The Open Source Definition (Annotated)}},
  url          = {https://opensource.org/definition/},
  date         = {2023-02-24}
}

% Licences

@misc{fsf-free-software,
  author       = {Free Software Foundation},
  title        = {{What is Free Software?}},
  url          = {https://www.gnu.org/philosophy/free-sw.en.html},
  date         = {2023-03-20}
}

@misc{osi-open-source,
  author       = {Open Source Initiative},
  title        = {{The Open Source Definition}},
  url          = {https://opensource.org/osd/},
  date         = {2023-03-20}
}

@misc{spdx-licenses,
  author       = {SPDX Legal Team},
  title        = {{SPDX License List}},
  url          = {https://spdx.org/licenses/},
  version      = {3.20},
  date         = {2023-03-20}
}

@misc{fsf-licenses,
  author       = {The GNU Project},
  title        = {{Various Licenses and Comments about Them}},
  url          = {https://www.gnu.org/licenses/license-list.html},
  date         = {2023-03-20}
}

@misc{unlicense,
  author       = {Arto Bendiken},
  title        = {{Unlicense Yourself: Set Your Code Free}},
  url          = {https://unlicense.org/},
  date         = {2023-03-20}
}

@misc{mit,
  author       = {Massachusetts Institute of Technology},
  title        = {{The MIT License}},
  url          = {https://opensource.org/license/MIT/},
  date         = {2023-03-20}
}

@misc{bsd-2,
  author       = {The FreeBSD Project},
  title        = {{The 2-Clause BSD License}},
  url          = {https://opensource.org/license/bsd-2-clause/},
  date         = {2023-03-20}
}

@misc{bsd-3,
  author       = {Regents of the University of California},
  title        = {{The 3-Clause BSD License}},
  url          = {https://opensource.org/license/bsd-3-clause/},
  date         = {2023-03-20}
}

@misc{apache,
  author       = {The Apache Software Foundation},
  title        = {{Apache License, Version 2.0}},
  url          = {https://www.apache.org/licenses/LICENSE-2.0},
  version      = {2.0},
  date         = {2023-03-20}
}

@misc{mpl,
  author       = {Mozilla Foundation},
  title        = {{Mozilla Public License}},
  url          = {https://www.mozilla.org/en-US/MPL/},
  version      = {2.0},
  date         = {2023-03-21}
}

@misc{lgpl,
  author       = {The GNU Project},
  title        = {{GNU Lesser General Public License}},
  url          = {https://www.gnu.org/licenses/lgpl-3.0.html},
  version      = {3.0},
  date         = {2023-03-21}
}

@misc{gpl,
  author       = {The GNU Project},
  title        = {{GNU General Public License}},
  url          = {https://www.gnu.org/licenses/gpl-3.0.en.html},
  version      = {3.0},
  date         = {2023-03-20}
}

@misc{agpl,
  author       = {The GNU Project},
  title        = {{GNU Affero General Public License}},
  url          = {https://www.gnu.org/licenses/agpl-3.0.en.html},
  version      = {3.0},
  date         = {2023-03-20}
}

@misc{public-domain,
  author       = {The University of California},
  title        = {{The public domain}},
  url          = {https://copyright.universityofcalifornia.edu/use/public-domain.html},
  date         = {2023-03-21}
}

@misc{osi-permissive,
  author       = {Open Source Initiative},
  title        = {{Frequently Answered Questions - What is a “permissive” Open Source license?}},
  url          = {https://opensource.org/faq/#permissive},
  date         = {2023-03-21}
}

@misc{gnu-copyleft,
  author       = {The GNU Project},
  title        = {{What is Copyleft?}},
  url          = {https://www.gnu.org/copyleft/},
  date         = {2023-03-21}
}

@misc{eupl-copyleft,
  author       = {Patrice-Emmanuel SCHMIT},
  title        = {{The meaning of “Copyleft” in EUPL}},
  url          = {https://joinup.ec.europa.eu/collection/eupl/news/copyleft-or-reciprocal},
  date         = {2023-03-21}
}

% Books

@book{lfs,
  author       = {Gerard Beekmans et al},
  title        = {{Linux From Scratch}},
  url          = {https://www.linuxfromscratch.org/lfs/},
  version      = {11.2},
  date         = {2023-02-24}
}

@book{alfs,
  author       = {Jeremy Huntwork et al},
  title        = {{Automated Linux From Scratch}},
  url          = {https://linuxfromscratch.org/alfs/},
  version      = {11.2},
  date         = {2023-02-24}
}

@book{clean-code,
  author       = {Robert C. Martin et al.},
  title        = {{Clean Code: A Handbook of Agile Software Craftsmanship}},
  publisher    = {Pearson},
  year         = {2008}
}

@book{unix-programming,
  author       = {Eric S. Raymond},
  title        = {{The Art of Unix Programming}},
  publisher    = {Addison-Wesley},
  isbn         = {0131429019},
  year         = {2003}
}

@book{pragmatic-programmer,
  author       = {Andrew Hunt and David Thomas},
  title        = {{The Pragmatic Programmer: From Journeyman to Master}},
  publisher    = {Addison-Wesley},
  isbn         = {9780201616224},
  year         = {1999}
}

@book{extreme-programming,
  author       = {Ronald E. Jeffries, Ann Anderson, Chet Hendrickson},
  title    = {{Extreme Programming Installed}},
  publisher    = {Pearson},
  isbn         = {9780201708424},
  year         = {2000}
}

@book{clean-architecture,
  author       = {Robert C. Martin},
  title    = {Clean Architecture: A Craftsman's Guide to Software Structure and Design},
  publisher    = {Prentice Hall},
  isbn         = {9780134494166},
  year         = {2017}
}

% Inbook references

@inbook{unix-philosophy,
  title        = {Basics of the Unix Philosophy},
  chapter      = {1. Philosophy},
  author       = {Eric S. Raymond},
  booktitle    = {{The Art of Unix Programming}},
  publisher    = {Addison-Wesley},
  isbn         = {0131429019},
  year         = {2003}
}

@inbook{dry,
  title        = {Don't repeat yourself (DRY)},
  pages        = {320},
  author       = {Andrew Hunt and David Thomas},
  booktitle    = {{The Pragmatic Programmer: From Journeyman to Master}},
  publisher    = {Addison-Wesley},
  isbn         = {9780201616224},
  year         = {1999}
}

@inbook{yagni,
  title        = {You aren't gonna need it (YAGNI)},
  author       = {Ronald E. Jeffries, Ann Anderson, Chet Hendrickson},
  booktitle    = {{Extreme Programming Installed}},
  publisher    = {Pearson},
  isbn         = {9780201708424},
  year         = {2000}
}

@inbook{solid,
  title        = {SOLID},
  pages        = {58},
  author       = {Robert C. Martin},
  booktitle    = {Clean Architecture: A Craftsman's Guide to Software Structure and Design},
  publisher    = {Prentice Hall},
  isbn         = {9780134494166},
  year         = {2017}
}

% Websites

@misc{cpp-guidelines,
  author       = {Bjarne Stroustrup and Herb Sutter},
  title        = {{C++ Core Guidelines}},
  url          = {https://isocpp.github.io/CppCoreGuidelines/CppCoreGuidelines},
  date         = {2023-03-01}
}

@misc{haskel-guidelines,
  author       = {HaskellWiki},
  title        = {{Programming guidelines - HaskellWiki}},
  url          = {https://wiki.haskell.org/Programming_guidelines},
  date         = {2023-03-02}
}

@misc{kiss,
  author       = {Filip Hanik},
  title        = {{The Kiss Principle}},
  url          = {https://people.apache.org/~fhanik/kiss.html},
  date         = {2023-03-01}
}

@misc{worse-is-better,
  author       = {Richard P. Gabriel},
  title        = {{Worse Is Better}},
  url          = {https://dreamsongs.com/WorseIsBetter.html},
  date         = {2023-03-01}
}

@misc{imperative,
  author       = {Digital Guide IONOS},
  title        = {{Imperative programming: Overview of the oldest programming paradigm}},
  url          = {https://www.ionos.com/digitalguide/websites/web-development/imperative-programming/},
  date         = {2023-03-02}
}

@misc{declarative,
  author       = {Digital Guide IONOS},
  title        = {{Declarative programming: When “what” is more important than “how”}},
  url          = {https://www.ionos.com/digitalguide/websites/web-development/declarative-programming/},
  date         = {2023-03-02}
}

@misc{oxford-os,
  author       = {Oxford References},
  title        = {{Operating system}},
  url          = {https://www.oxfordreference.com/display/10.1093/oi/authority.20110810105527683},
  date         = {2023-03-28}
}

@misc{cambridge-os,
  author       = {Cambridge Dictionary},
  title        = {{Operating system}},
  url          = {https://dictionary.cambridge.org/dictionary/english/operating-system},
  date         = {2023-03-28}
}

% Articles

@inproceedings{Pike2007ProgramDI,
  title={Program design in the UNIX† environment},
  author={Rob Pike and Brian W. Kernighan},
  year={2007}
}

@article{Milicchio2007TheUK,
  title={The Unix KISS: A Case Study},
  author={Franco Milicchio},
  journal={ArXiv},
  year={2007},
  volume={abs/cs/0701021}
}

@inproceedings{Thayer2004FourUP,
  title={Four UNIX Programs in Four UNIX Collections: Seeking Consistency in an Open Source Icon},
  author={Doug Thayer and Keith Miller},
  year={2004}
}

@inproceedings{McGrenere2000AreWA,
  title={Are We All In the Same "Bloat"?},
  author={Joanna McGrenere and Gale Moore},
  booktitle={Graphics Interface},
  year={2000}
}

@inproceedings{Quach2018DebloatingST,
  title={Debloating Software through Piece-Wise Compilation and Loading},
  author={Anh Quach and Aravind Prakash and Lok K. Yan},
  booktitle={USENIX Security Symposium},
  year={2018}
}

@article{McGrenere2000BloatTO,
  title={"Bloat": the objective and subject dimensions},
  author={Joanna McGrenere},
  journal={CHI '00 Extended Abstracts on Human Factors in Computing Systems},
  year={2000}
}

@article{Quach2019BloatFA,
  title={Bloat Factors and Binary Specialization},
  author={Anh Quach and Aravind Prakash},
  journal={Proceedings of the 3rd ACM Workshop on Forming an Ecosystem Around Software Transformation},
  year={2019}
}

@article{Mitchell2010FourTL,
  title={Four Trends Leading to Java Runtime Bloat},
  author={Nick Mitchell and Edith Schonberg and Gary Sevitsky},
  journal={IEEE Software},
  year={2010},
  volume={27}
}

@inproceedings{Succi2001PreliminaryRF,
  title={Preliminary Results from an Empirical Study on the Growth of Open Source and Commercial Software Products},
  author={Giancarlo Succi and Armin Eberlein},
  year={2001}
}

% Source code metrics

@article{loc,
  author={Wolverton, R.W.},
  journal={IEEE Transactions on Computers}, 
  title={The Cost of Developing Large-Scale Software}, 
  year={1974},
  volume={C-23},
  number={6},
  pages={615-636},
  doi={10.1109/T-C.1974.224002}
}

@inproceedings{lcm-1,
author = {Woodfield, S. N. and Dunsmore, H. E. and Shen, V. Y.},
title = {The Effect of Modularization and Comments on Program Comprehension},
year = {1981},
isbn = {0897911466},
publisher = {IEEE Press},
booktitle = {Proceedings of the 5th International Conference on Software Engineering},
pages = {215-223},
numpages = {9},
location = {San Diego, California, USA},
series = {ICSE '81}
}

@article{lcm-2,
  title={Program Readability: Procedures Versus Comments},
  author={Ted Tenny},
  journal={IEEE Trans. Software Eng.},
  year={1988},
  volume={14},
  pages={1271-1279}
}

@inproceedings{nof,
  author={Herraiz, I. and Robles, G. and Gonzalez-Barahona, J.M. and Capiluppi, A. and Ramil, J.F.},
  booktitle={Conference on Software Maintenance and Reengineering (CSMR'06)}, 
  title={Comparison between SLOCs and number of files as size metrics for software evolution analysis}, 
  year={2006},
  volume={},
  number={},
  pages={8 pp.-213},
  doi={10.1109/CSMR.2006.17}
}

@article{mccabe-complexity,
  author={McCabe, T.J.},
  journal={IEEE Transactions on Software Engineering}, 
  title={A Complexity Measure}, 
  year={1976},
  volume={SE-2},
  number={4},
  pages={308-320},
  doi={10.1109/TSE.1976.233837}
}

@inproceedings{halstead-complexity,
  title={Elements of software science},
  author={Maurice H. Halstead},
  year={1977}
}

@techreport{functional-size,
  type = {Standard},
  key = {ISO/IEC 14143-1:2007},
  month = {02},
  year = {2007},
  title = {{Information technology - Software measurement - Functional size measurement - Part 1: Definition of concepts}},
  volume = {2007},
  address = {Geneva, CH},
  institution = {International Organization for Standardization}
}

@article{maintainability-1,
  title={A definition and taxonomy for software maintainability},
  author={Oman, Paul and Hagemeister, Jack and Ash, Dan},
  journal={Moscow, ID, USA, Tech. Rep},
  pages={91--08},
  year={1992}
}

@article{maintainability-2,
  title={Metrics for assessing a software system's maintainability},
  author={Paul W. Oman and Jack R. Hagemeister},
  journal={Proceedings Conference on Software Maintenance 1992},
  year={1992},
  pages={337-344}
}

@article{cognitive-complexity,
  author={Jingqiu Shao and Yingxu Wang},
  journal={Canadian Journal of Electrical and Computer Engineering}, 
  title={A new measure of software complexity based on cognitive weights}, 
  year={2003},
  volume={28},
  number={2},
  pages={69-74},
  doi={10.1109/CJECE.2003.1532511}
}

@inproceedings{doc-issues,
author = {Aghajani, Emad and Nagy, Csaba and Vega-M\'{a}rquez, Olga Lucero and Linares-V\'{a}squez, Mario and Moreno, Laura and Bavota, Gabriele and Lanza, Michele},
title = {Software Documentation Issues Unveiled},
year = {2019},
publisher = {IEEE Press},
url = {https://doi.org/10.1109/ICSE.2019.00122},
doi = {10.1109/ICSE.2019.00122},
booktitle = {Proceedings of the 41st International Conference on Software Engineering},
pages = {1199-1210},
numpages = {12},
keywords = {documentation, empirical study},
location = {Montreal, Quebec, Canada},
series = {ICSE '19}
}

@INPROCEEDINGS{doc-quality,
  author={Plösch, Reinhold and Dautovic, Andreas and Saft, Matthias},
  booktitle={2014 14th International Conference on Quality Software}, 
  title={The Value of Software Documentation Quality}, 
  year={2014},
  volume={},
  number={},
  pages={333-342},
  doi={10.1109/QSIC.2014.22}
}

@article{convention-violations,
  title={Effect Analysis of Coding Convention Violations on Readability of Post-Delivered Code},
  author={Taek LEE and Jung-Been LEE and Hoh Peter IN},
  journal={IEICE Transactions on Information and Systems},
  volume={E98.D},
  number={7},
  pages={1286-1296},
  year={2015},
  doi={10.1587/transinf.2014EDP7327}
}

@INPROCEEDINGS{variable-naming,
  author={Xu, Weifeng and Xu, Dianxiang and Deng, Lin},
  booktitle={2017 IEEE 41st Annual Computer Software and Applications Conference (COMPSAC)}, 
  title={Measurement of Source Code Readability Using Word Concreteness and Memory Retention of Variable Names}, 
  year={2017},
  volume={1},
  number={},
  pages={33-38},
  doi={10.1109/COMPSAC.2017.166}
}

@INPROCEEDINGS{multi-lang,
  author={Kochhar, Pavneet Singh and Wijedasa, Dinusha and Lo, David},
  booktitle={2016 IEEE 23rd International Conference on Software Analysis, Evolution, and Reengineering (SANER)}, 
  title={A Large Scale Study of Multiple Programming Languages and Code Quality}, 
  year={2016},
  volume={1},
  number={},
  pages={563-573},
  doi={10.1109/SANER.2016.112}
}

@ARTICLE {lean-plea,
  author = {N. Wirth},
  journal = {Computer},
  title = {A Plea for Lean Software},
  year = {1995},
  volume = {28},
  number = {02},
  issn = {1558-0814},
  pages = {64-68},
  keywords = {},
  doi = {10.1109/2.348001},
  publisher = {IEEE Computer Society},
  address = {Los Alamitos, CA, USA},
  month = {02}
}

@ARTICLE{lean-software,
  author={Mcconnell, S.},
  journal={IEEE Software}, 
  title={Achieving Leaner Software [Best Practices]}, 
  year={1997},
  volume={14},
  number={6},
  pages={128-127},
  doi={10.1109/MS.1997.636698}
}

@inproceedings{reduction,
  title={Feature Usage Diagram for Feature Reduction},
  author={Sarunas Marciuska and Çigdem Gencel and Xiaofeng Wang and P. Abrahamsson},
  booktitle={International Conference on Agile Software Development},
  year={2013}
}

@INPROCEEDINGS{tool-usage,
  author={Rahman, Akond and Partho, Asif and Meder, David and Williams, Laurie},
  booktitle={2017 IEEE/ACM 3rd International Workshop on Rapid Continuous Software Engineering (RCoSE)}, 
  title={Which Factors Influence Practitioners' Usage of Build Automation Tools?}, 
  year={2017},
  volume={},
  number={},
  pages={20-26},
  doi={10.1109/RCoSE.2017.8}
}

@inproceedings{recursive,
  title={Recursive Make Considered Harmful},
  author={Peter Miller},
  year={2008}
}

@article{non-recursive,
  author = {Mokhov, Andrey and Mitchell, Neil and Peyton Jones, Simon and Marlow, Simon},
  title = {Non-Recursive Make Considered Harmful: Build Systems at Scale},
  year = {2016},
  issue_date = {December 2016},
  publisher = {Association for Computing Machinery},
  address = {New York, NY, USA},
  volume = {51},
  number = {12},
  issn = {0362-1340},
  url = {https://doi.org/10.1145/3241625.2976011},
  doi = {10.1145/3241625.2976011},
  journal = {SIGPLAN Not.},
  month = {09},
  pages = {170-181},
  numpages = {12},
  keywords = {Haskell, compilation, build system}
}

@inproceedings{autohell,
  author = {Al-Kofahi, Jafar and Nguyen, Tien N. and K\"{a}stner, Christian},
  title = {Escaping AutoHell: A Vision for Automated Analysis and Migration of Autotools Build Systems},
  year = {2016},
  isbn = {9781450343992},
  publisher = {Association for Computing Machinery},
  address = {New York, NY, USA},
  url = {https://doi.org/10.1145/2993274.2993279},
  doi = {10.1145/2993274.2993279},
  booktitle = {Proceedings of the 4th International Workshop on Release Engineering},
  pages = {12-15},
  numpages = {4},
  keywords = {Autotools, Build system, Autoconf, Build analysis},
  location = {Seattle, WA, USA},
  series = {RELENG 2016}
}

@inproceedings{four-lang,
  author = {Al-Kofahi, Jafar M. and Kothari, Suresh and K\"{a}stner, Christian},
  title = {Four Languages and Lots of Macros: Analyzing Autotools Build Systems},
  year = {2017},
  isbn = {9781450355247},
  publisher = {Association for Computing Machinery},
  address = {New York, NY, USA},
  url = {https://doi.org/10.1145/3136040.3136051},
  doi = {10.1145/3136040.3136051},
  booktitle = {Proceedings of the 16th ACM SIGPLAN International Conference on Generative Programming: Concepts and Experiences},
  pages = {176-186},
  numpages = {11},
  keywords = {build maintenance, build-system, Autoconf, GNU Autotool},
  location = {Vancouver, BC, Canada},
  series = {GPCE 2017}
}

% Operating systems

@misc{freebsd,
  author       = {The FreeBSD Documentation Project},
  title        = {{The FreeBSD Project}},
  url          = {https://www.freebsd.org/},
  version      = {13.1},
  date         = {2023-04-03}
}

@misc{redox,
  author       = {Redox OS Developers},
  title        = {{Redox}},
  url          = {https://www.redox-os.org/},
  version      = {0.8.0},
  date         = {2023-04-03}
}

@misc{serenity,
  author       = {SerenityOS Developers},
  title        = {{SerenityOS}},
  url          = {https://serenityos.org/},
  date         = {2023-04-03}
}

@misc{minix3,
  author       = {Andrew S. Tanenbaum et al.},
  title        = {{Minix 3}},
  url          = {https://minix3.org/},
  version      = {3.3.0},
  date         = {2023-04-03}
}

@misc{freedos,
  author       = {Jim Hall et al.},
  title        = {{FreeDOS}},
  url          = {https://freedos.org/},
  version      = {2.43},
  date         = {2023-04-03}
}

@misc{gentoo,
  author       = {Gentoo Foundation},
  title        = {{Gentoo Linux}},
  url          = {https://www.gentoo.org/},
  date         = {2023-04-03}
}

@misc{nixos,
  author       = {NixOS Foundation},
  title        = {{Nix and NixOS}},
  url          = {https://nixos.org/},
  date         = {2023-04-03}
}

@misc{crux,
  author       = {Per Lidén et al.},
  title        = {{CRUX}},
  url          = {https://crux.nu/},
  version      = {3.7},
  date         = {2023-04-03}
}

@misc{guix,
  author       = {The GNU Project},
  title        = {{GNU Guix transactional package manager and distribution - GNU Guix}},
  url          = {https://guix.gnu.org/},
  version      = {1.4.0},
  date         = {2023-04-03}
}

% Software for source code evaluation

@misc{tokei,
  author       = {Erin Power et al.},
  title        = {{Tokei}},
  url          = {https://github.com/XAMPPRocky/tokei},
  version      = {12.1.2},
  date         = {2023-03-05}
}

@misc{cloc,
  author       = {Al Danial et al.},
  title        = {{Cloc}},
  url          = {https://github.com/AlDanial/cloc},
  version      = {1.82},
  date         = {2023-03-05}
}

@misc{ohcount,
  author       = {Fedor Korsakov and Black Duck Software},
  title        = {{Ohcount}},
  url          = {https://github.com/blackducksoftware/ohcount},
  version      = {4.0.0-1},
  date         = {2023-03-05}
}

@misc{cccc,
  author       = {Tim Littlefair, Stephen L Arnold et al.},
  title        = {{CCCC}},
  url          = {https://github.com/sarnold/cccc},
  version      = {3.2.0},
  date         = {2023-03-05}
}

@misc{radon,
  author       = {Michele Lacchia et al.},
  title        = {{Radon}},
  url          = {https://github.com/rubik/radon/},
  version      = {5.1.0},
  date         = {2023-03-05}
}

@misc{frama-c,
  author       = {Michele Alberti et al.},
  title        = {{Frama-C}},
  url          = {https://frama-c.com/index.html},
  version      = {25.0},
  date         = {2023-03-05}
}

% Reference projects

@misc{mls,
  author       = {Ivan Davidov},
  title        = {{Minimal Linux Script}},
  url          = {https://github.com/ivandavidov/minimal-linux-script},
  version      = {commit 0cd3096},
  date         = {2023-02-24}
}

@misc{mll,
  author       = {Ivan Davidov},
  title        = {{Minimal Linux Live}},
  url          = {https://github.com/ivandavidov/minimal},
  version      = {commit 176c6a5},
  date         = {2023-02-24}
}

% Standard excluded projects

@misc{lsb-tools,
  author       = {DJ Lucas et al.},
  title        = {{LSB Tools}},
  url          = {https://github.com/lfs-book/LSB-Tools},
  version      = {0.10},
  date         = {2023-03-11}
}

@misc{pax,
  author       = {Keith Muller et al.},
  title        = {{MirCPIO - paxmirabilis - tar and even ar!}},
  url          = {http://www.mirbsd.org/pax.htm},
  version      = {20201030},
  date         = {2023-03-11}
}

@misc{nspr,
  author       = {Mozilla Corporation},
  title        = {{Netscape Portable Runtime (NSPR)}},
  url          = {https://firefox-source-docs.mozilla.org/nspr},
  version      = {4.35},
  date         = {2023-03-11}
}

@misc{nss,
  author       = {Mozilla Corporation},
  title        = {{Network Security Services (NSS)}},
  url          = {https://firefox-source-docs.mozilla.org/security/nss},
  version      = {3.88.1},
  date         = {2023-03-11}
}

@misc{sendmail,
  author       = {Eric Allman et al.},
  title        = {{Sendmail Open Source}},
  url          = {https://www.proofpoint.com/us/products/email-protection/open-source-email-solution},
  version      = {8.17.1},
  date         = {2023-03-11}
}

@misc{linux-pam,
  author       = {Andrew G. Morgan et al.},
  title        = {{Linux PAM (Pluggable Authentication Modules for Linux) project}},
  url          = {https://github.com/linux-pam/linux-pam},
  version      = {1.5.2},
  date         = {2023-03-11}
}

@misc{gzip,
  author       = {The GNU Project},
  title        = {{GNU Gzip}},
  url          = {https://www.gnu.org/software/gzip/},
  version      = {1.12},
  date         = {2023-03-11}
}

@misc{procps-ng,
  author       = {Craig Small et al.},
  title        = {{procps}},
  url          = {https://gitlab.com/procps-ng/procps},
  version      = {4.03},
  date         = {2023-03-11}
}

@misc{psmisc,
  author       = {Werner Almesberger et al.},
  title        = {{psmisc}},
  url          = {https://gitlab.com/psmisc/psmisc},
  version      = {23.5},
  date         = {2023-03-11}
}

@misc{at,
  author       = {Thomas Koenig et al.},
  title        = {{at daemon}},
  url          = {http://blog.calhariz.com/},
  version      = {3.2.5},
  date         = {2023-03-11}
}

@misc{fcron,
  author       = {Thibault Godouet et al.},
  title        = {{Fcron : a periodical command scheduler for Unix and Linux systems}},
  url          = {http://fcron.free.fr/},
  version      = {3.2.1},
  date         = {2023-03-11}
}

@misc{file,
  author       = {Ian F. Darwin et al.},
  title        = {{Fine Free File Command}},
  url          = {https://www.darwinsys.com/file/},
  version      = {5.44},
  date         = {2023-03-11}
}

@misc{shadow,
  author       = {Tomasz Kłoczko et al.},
  title        = {{shadow-utils}},
  url          = {https://github.com/shadow-maint/shadow},
  version      = {4.13},
  date         = {2023-03-11}
}

@misc{zlib,
  author       = {Jean-loup Gailly, Mark Adler et al.},
  title        = {{zlib}},
  url          = {https://www.zlib.net/},
  version      = {1.2.13},
  date         = {2023-03-11}
}

@misc{gettext,
  author       = {The GNU Project},
  title        = {{gettext}},
  url          = {https://www.gnu.org/software/gettext/},
  version      = {0.21.1},
  date         = {2023-03-21}
}

@misc{inetutils,
  author       = {The GNU Project},
  title        = {{Inetutils - GNU network utilities}},
  url          = {https://www.gnu.org/software/inetutils/},
  version      = {2.4},
  date         = {2023-03-21}
}

@misc{cups,
  author       = {Michael R. Sweet et al.},
  title        = {{OpenPrinting CUPS}},
  url          = {https://openprinting.github.io/cups/},
  version      = {2.4.2},
  date         = {2023-03-21}
}

% Standard projects

@misc{linux,
  author       = {Linux Kernel Organization},
  title        = {{The Linux Kernel Archives}},
  url          = {https://www.kernel.org/},
  version      = {5.11.6},
  date         = {2023-02-24}
}

@misc{sysklogd,
  author       = {Joachim Wiberg},
  title        = {{BSD syslogd in Linux}},
  url          = {https://troglobit.com/post/2019-11-03-bsd-syslogd-in-linux/},
  version      = {1.5.1},
  date         = {2023-02-24}
}

@misc{bc,
  author       = {Gavin D. Howard},
  title        = {bc},
  url          = {https://github.com/gavinhoward/bc/},
  version      = {6.2.2},
  date         = {2023-02-24}
}

@misc{diffutils,
  author       = {The GNU Project},
  title        = {{GNU Diffutils}},
  url          = {https://www.gnu.org/software/diffutils/},
  version      = {3.8},
  date         = {2023-02-24}
}

@misc{less,
  author       = {Mark Nudelman et al.},
  title        = {Less},
  url          = {http://www.greenwoodsoftware.com/less/},
  version      = {590},
  date         = {2023-02-24}
}

@misc{parted,
  author       = {The GNU Project},
  title        = {{GNU Parted}},
  url          = {https://www.gnu.org/software/parted/},
  version      = {2.4},
  date         = {2023-05-17}
}

@misc{patch,
  author       = {The GNU Project},
  title        = {{GNU patch}},
  url          = {https://savannah.gnu.org/projects/patch/},
  version      = {2.7.6},
  date         = {2023-02-24}
}

@misc{make,
  author       = {The GNU Project},
  title        = {{GNU Make}},
  url          = {https://www.gnu.org/software/make/},
  version      = {4.3},
  date         = {2023-03-08}
}

@misc{m4,
  author       = {The GNU Project},
  title        = {{GNU M4}},
  url          = {https://www.gnu.org/software/m4/},
  version      = {1.4.19},
  date         = {2023-03-08}
}

@misc{ncurses,
  author       = {The GNU Project},
  title        = {{NCURSES - New Curses}},
  url          = {https://invisible-island.net/ncurses/},
  version      = {6.3},
  date         = {2023-03-08}
}

@misc{cpio,
  author       = {The GNU Project},
  title        = {{Cpio}},
  url          = {https://www.gnu.org/software/cpio/},
  version      = {2.13},
  date         = {2023-03-09}
}

@misc{grub,
  author       = {The GNU Project},
  title        = {{GNU GRUB}},
  url          = {https://www.gnu.org/software/grub/},
  version      = {2.06},
  date         = {2023-02-24}
}

@misc{sysvinit,
  author       = {Miquel van Smoorenburg and Jesse Smith},
  title        = {{System V style init programs}},
  url          = {https://savannah.nongnu.org/projects/sysvinit},
  version      = {3.06},
  date         = {2023-02-24}
}

@misc{bash,
  author       = {The GNU Project},
  title        = {{GNU Bash}},
  url          = {https://www.gnu.org/software/bash/},
  version      = {5.2},
  date         = {2023-02-24}
}

@misc{util-linux,
  author       = {Karel Zak et al.},
  title        = {Util-linux},
  url          = {https://github.com/util-linux/util-linux},
  version      = {2.38.1},
  date         = {2023-02-24}
}

@misc{coreutils,
  author       = {The GNU Project},
  title        = {{Coreutils - GNU core utilities}},
  url          = {https://www.gnu.org/software/coreutils/},
  version      = {9.1},
  date         = {2023-02-24}
}

@misc{findutils,
  author       = {The GNU Project},
  title        = {Findutils},
  url          = {https://www.gnu.org/software/findutils/},
  version      = {4.9.0},
  date         = {2023-02-24}
}

@misc{sed,
  author       = {The GNU Project},
  title        = {{GNU Sed}},
  url          = {https://www.gnu.org/software/sed/},
  version      = {4.8},
  date         = {2023-02-24}
}

@misc{grep,
  author       = {The GNU Project},
  title        = {{GNU Grep}},
  url          = {https://www.gnu.org/software/grep/},
  version      = {3.7},
  date         = {2023-02-24}
}

@misc{tar,
  author       = {The GNU Project},
  title        = {{GNU Tar}},
  url          = {https://www.gnu.org/software/tar/},
  version      = {1.34},
  date         = {2023-02-24}
}

@misc{ed,
  author       = {The GNU Project},
  title        = {{Ed - A line-oriented text editor}},
  url          = {https://www.gnu.org/software/ed/},
  version      = {1.19},
  date         = {2023-02-24}
}

@misc{time,
  author       = {The GNU Project},
  title        = {{https://www.gnu.org/software/time/}},
  url          = {https://ftp.gnu.org/gnu/time/time-1.9.tar.gz},
  version      = {1.9},
  date         = {2023-03-07}
}

@misc{gawk,
  author       = {The GNU Project},
  title        = {Gawk},
  url          = {https://www.gnu.org/software/gawk/},
  version      = {5.1.1},
  date         = {2023-02-24}
}

@misc{man-db,
  author       = {John W. Eaton et al.},
  title        = {man-db, the on-line manual database},
  url          = {https://man-db.nongnu.org/},
  version      = {2.10.2},
  date         = {2023-02-24}
}

@misc{glibc,
  author       = {The GNU Project},
  title        = {{The GNU C Library (glibc)}},
  url          = {https://www.gnu.org/software/libc/},
  version      = {2.36},
  date         = {2023-02-24}
}

@misc{binutils,
  author       = {The GNU Project},
  title        = {{GNU Binutils}},
  url          = {https://www.gnu.org/software/binutils/},
  version      = {2.39},
  date         = {2023-03-07}
}

@misc{gcc,
  author       = {The GNU Project},
  title        = {{GCC, the GNU Compiler Collection}},
  url          = {https://gcc.gnu.org/},
  version      = {12.2.0},
  date         = {2023-02-24}
}

# Selected projects

@misc{syslinux,
  author       = {H. Peter Anvin et al.},
  title        = {{The Syslinux Project}},
  url          = {https://wiki.syslinux.org/},
  version      = {6.03},
  date         = {2023-02-24}
}

@misc{sinit,
  author       = {Dimitris Papastamos},
  title        = {sinit - suckless init},
  url          = {https://core.suckless.org/sinit/},
  version      = {1.1},
  date         = {2023-02-24}
}

@misc{dash,
  author       = {Herbert Xu},
  title        = {{DASH}},
  url          = {http://gondor.apana.org.au/~herbert/dash/},
  version      = {0.5.12},
  date         = {2023-02-24}

}

@misc{ubase,
  author       = {Dimitris Papastamos et al.},
  title        = {ubase - unportable base},
  url          = {https://core.suckless.org/ubase/},
  version      = {commit 3c88778},
  date         = {2023-02-24}
}

@misc{sbase,
  author       = {Connor Smith et al.},
  title        = {sbase - suckless base},
  url          = {https://core.suckless.org/sbase/},
  version      = {commit 191f7e6},
  date         = {2023-02-24}
}

@misc{mawk,
  author       = {Mike Brennan and Thomas E. Dickey},
  title        = {mawk - pattern scanning and text processing language},
  url          = {https://invisible-island.net/mawk/},
  version      = {1.3.4.20230203},
  date         = {2023-02-24}
}

@misc{mandoc,
  author       = {Kristaps Dzonsons et al.},
  title        = {{The mandoc UNIX manpage compiler toolset}},
  url          = {https://mandoc.bsd.lv/},
  version      = {1.14.6},
  date         = {2023-02-24}
}

@misc{dietlibc,
  author       = {Felix von Leitner},
  title        = {diet libc - a libc optimized for small size},
  url          = {https://www.fefe.de/dietlibc/},
  version      = {0.34},
  date         = {2023-02-24}
}

@misc{tcc,
  author       = {Fabrice Bellard et al.},
  title        = {{Tiny C Compiler}},
  url          = {https://www.bellard.org/tcc/},
  version      = {0.9.27},
  date         = {2023-02-24}
}

% Alternative projects

@misc{busybox,
  author       = {Denys Vlasenko et al.},
  title        = {{BusyBox}},
  url          = {https://busybox.net/},
  version      = {1.36.0},
  date         = {2023-02-24}
}

@misc{toybox,
  author       = {Robert Landley et al.},
  title        = {Toybox},
  url          = {https://landley.net/toybox/},
  version      = {0.8.9},
  date         = {2023-02-24}
}

@misc{heirloom,
  author       = {Gunnar Ritter et al.},
  title        = {{The Heirloom Project}},
  url          = {https://heirloom.sourceforge.net/},
  version      = {2008-07-28},
  date         = {2023-02-26}
}

@misc{9base,
  author       = {Plan 9 and Anselm R Garbe},
  title        = {9base},
  url          = {https://tools.suckless.org/9base/},
  version      = {6},
  date         = {2023-02-24}
}

@misc{s6-linux,
  author       = {Laurent Bercot et al.},
  title        = {s6-linux-utils},
  url          = {https://www.skarnet.org/software/s6-linux-utils/},
  version      = {2.6.0.1},
  date         = {2023-02-24}
}

@misc{s6-portable,
  author       = {Laurent Bercot et al.},
  title        = {s6-portable-utils},
  url          = {https://www.skarnet.org/software/s6-portable-utils/},
  version      = {2.2.5.1},
  date         = {2023-02-24}
}

@misc{asmutils,
  author       = {Konstantin Boldyshev et al.},
  title        = {asmutils},
  url          = {https://asm.sourceforge.net/asmutils.html},
  version      = {0.18},
  date         = {2023-05-21}
}

@misc{rust-coreutils,
  author       = {Jordi Boggiano et al.},
  title        = {uutils coreutils},
  url          = {https://github.com/uutils/coreutils},
  version      = {0.0.18},
  date         = {2023-05-21}
}

@misc{lilo,
  author       = {Werner Almesberger et al.},
  title        = {{LILO Bootloader for GNU/Linux}},
  url          = {https://www.joonet.de/lilo/},
  version      = {24.2},
  date         = {2023-02-24}
}

@misc{refind,
  author       = {Roderick W. Smith},
  title        = {{The rEFInd Boot Manager}},
  url          = {https://rodsbooks.com/refind/},
  version      = {0.13.3.1},
  date         = {2023-02-24}
}

@misc{uboot,
  author       = {DENX Software Engineering},
  title        = {{Das U-Boot Documentation}},
  url          = {https://u-boot.readthedocs.io/en/latest/},
  version      = {2023.01-rc3},
  date         = {2023-02-25}
}

@misc{bootboot,
  author       = {bzt},
  title        = {{bootboot}},
  url          = {https://gitlab.com/bztsrc/bootboot},
  version      = {commit 6ce3a4a},
  date         = {2023-03-16}
}

@misc{limine,
  author       = {mintsuki et al.},
  title        = {{Limine}},
  url          = {https://github.com/limine-bootloader/limine},
  version      = {4.20230315.0},
  date         = {2023-03-16}
}

@misc{s6,
  author       = {Laurent Bercot et al.},
  title        = {s6},
  url          = {https://skarnet.org/software/s6/},
  version      = {2.11.3.0},
  date         = {2023-02-24}
}

@misc{s6-rc,
  author       = {Laurent Bercot et al.},
  title        = {s6-rc},
  url          = {https://skarnet.org/software/s6-rc/},
  version      = {0.5.4.1},
  date         = {2023-02-24}
}

@misc{s6-linux-init,
  author       = {Laurent Bercot et al.},
  title        = {s6-linux-init},
  url          = {https://skarnet.org/software/s6-linux-init/},
  version      = {1.1.0.0},
  date         = {2023-02-24}
}

@misc{minit,
  author       = {Felix von Leitner},
  title        = {minit - a small yet feature-complete init},
  url          = {https://www.fefe.de/minit/},
  version      = {0.10},
  date         = {2023-02-24}
}

@misc{openrc,
  author       = {William Hubbs et al.},
  title        = {{The OpenRC init system}},
  url          = {https://github.com/OpenRC/openrc},
  version      = {0.46},
  date         = {2023-02-24}
}

@misc{runit,
  author       = {Gerrit Pape},
  title        = {{runit - a UNIX init scheme with service supervision}},
  url          = {http://smarden.org/runit/},
  version      = {2.1.2},
  date         = {2023-02-24}
}

@misc{shepherd,
  author       = {The GNU Project},
  title        = {{The GNU Shepherd}},
  url          = {https://www.gnu.org/software/shepherd/},
  version      = {0.9.3},
  date         = {2023-02-24}
}

@misc{finit,
  author       = {Joachim Wiberg et al.},
  title        = {Fast init for Linux systems},
  url          = {https://troglobit.com/projects/finit/},
  version      = {4.3},
  date         = {2023-02-24}
}

@misc{anopa,
  author       = {Olivier Brunel},
  title        = {anopa: init system/service manager built around s6 supervision suite},
  url          = {https://jjacky.com/anopa/},
  version      = {0.5.0},
  date         = {2023-02-28}
}

@misc{daemontools,
  author       = {D. J. Bernstein},
  title        = {daemontools},
  url          = {https://cr.yp.to/daemontools.html},
  version      = {0.76},
  date         = {2023-02-28}
}

@misc{nosh,
  author       = {Jonathan de Boyne Pollard},
  title        = {The nosh package},
  url          = {https://jdebp.uk/Softwares/nosh/},
  version      = {1.40},
  date         = {2023-02-28}
}

@misc{metalog,
  author       = {Laurent Wandrebeck et al.},
  title        = {Metalog},
  url          = {https://github.com/hvisage/metalog},
  version      = {20220214},
  date         = {2023-02-24}
}

@misc{rsyslog,
  author       = {Rainer Gerhards et al.},
  title        = {{The rocket-fast Syslog Server}},
  url          = {http://www.rsyslog.com/},
  version      = {8.2212.0},
  date         = {2023-02-25}
}

@misc{syslog-ng,
  author       = {Balázs Scheidler et al.},
  title        = {{syslog-ng Open Source Edition}},
  url          = {https://www.syslog-ng.com/},
  version      = {4.0.1},
  date         = {2023-02-25}
}

@misc{mksh,
  author       = {The MirOS Project},
  title        = {{The MirBSD Korn Shell}},
  url          = {http://www.mirbsd.org/mksh.htm},
  version      = {R59c},
  date         = {2023-02-24}
}

@misc{oksh,
  author       = {Eric Gisin et al.},
  title        = {{Portable OpenBSD ksh}},
  url          = {https://github.com/ibara/oksh},
  version      = {7.2},
  date         = {2023-02-24}
}

@misc{rc,
  author       = {Byron Rakitzis},
  title        = {rc shell},
  url          = {https://github.com/rakitzis/rc},
  version      = {commit 8ca9ab1},
  date         = {2023-02-24}
}

@misc{yash,
  author       = {Watanabe Yuki},
  title        = {Yet another shell},
  url          = {https://yash.osdn.jp/},
  version      = {2.53},
  date         = {2023-02-24}
}

@misc{nano,
  author       = {The GNU Project},
  title        = {{GNU Nano}},
  url          = {https://www.nano-editor.org/},
  version      = {7.2},
  date         = {2023-02-24}
}

@misc{ex-vi,
  author       = {Gunnar Ritter et al.},
  title        = {{The Traditional Vi}},
  url          = {https://ex-vi.sourceforge.net/},
  version      = {050325},
  date         = {2023-02-27}
}

@misc{vim,
  author       = {Bram Moolenaar et al.},
  title        = {{Vim - the ubiquitous text editor}},
  url          = {https://www.vim.org/},
  version      = {9.0.0.228},
  date         = {2023-02-27}
}

@misc{neovim,
  author       = {Jan E. Lazo et al.},
  title        = {{Neovim - hyperextensible Vim-based text editor}},
  url          = {https://neovim.io/},
  version      = {0.8.3},
  date         = {2023-02-27}
}

@misc{e3-editor,
  author       = {Albrecht Kleine },
  title        = {{e3 Editor}},
  url          = {https://sites.google.com/site/e3editor/},
  version      = {2.82},
  date         = {2023-03-15}
}

@misc{elvis,
  author       = {Steve Kirkendall},
  title        = {{The elvis vi-clone}},
  url          = {https://github.com/mbert/elvis},
  version      = {2.2\_1-pre3},
  date         = {2023-03-15}
}

@misc{levee,
  author       = {David L. Parsons},
  title        = {{Levee, or *CAPTAIN VIDEO*!}},
  url          = {http://www.pell.portland.or.us/~orc/Code/levee/},
  version      = {4.0},
  date         = {2023-03-15}
}

@misc{s,
  author       = {Webb Miller},
  title        = {{A tiny vi like screen editor}},
  url          = {https://github.com/udo-munk/s},
  version      = {1.0},
  date         = {2023-03-15}
}

@misc{nvi,
  author       = {Keith Bostic},
  title        = {{The Berkeley Vi Editor}},
  url          = {https://sites.google.com/a/bostic.com/keithbostic/vi/},
  version      = {1.79},
  date         = {2023-03-15}
}

@misc{mg,
  author       = {Dave Conroy et al.},
  title        = {{Portable version of the OpenBSD maintained mg, micro emacs clone}},
  url          = {https://github.com/hboetes/mg},
  version      = {20221112},
  date         = {2023-03-15}
}

@misc{micro,
  author       = {Zachary Yedidia et al.},
  title        = {{micro - a modern and intuitive terminal-based text editor}},
  url          = {https://github.com/zyedidia/micro},
  version      = {2.0.11},
  date         = {2023-03-15}
}

@misc{mle,
  author       = {Adam Saponara et al.},
  title        = {{mle - flexible terminal-based text editor}},
  url          = {https://github.com/adsr/mle},
  version      = {1.5.0},
  date         = {2023-03-15}
}

@misc{neatvi,
  author       = {Ali Gholami Rudi et al.},
  title        = {{neatvi - a small vi/ex editor for editing bidirectional UTF-8 text}},
  url          = {https://github.com/aligrudi/neatvi},
  version      = {11},
  date         = {2023-03-15}
}

@misc{vis,
  author       = {Marc André Tanner et al.},
  title        = {{vis - a vi-like editor based on Plan 9's structural regular expressions}},
  url          = {https://github.com/martanne/vis},
  version      = {0.8},
  date         = {2023-03-15}
}

@misc{oawk,
  author       = {Brian Kernighan},
  title        = {One true awk},
  url          = {https://github.com/onetrueawk/awk},
  version      = {commit 5e49ea4},
  date         = {2023-02-24}
}

@misc{fasm,
  author       = {Tomasz Grysztar},
  title        = {{flat assembler}},
  url          = {https://flatassembler.net/},
  version      = {1.73.30},
  date         = {2023-03-08}
}

@misc{hla,
  author       = {Randall Hyde},
  title        = {{High Level Assembly (HLA)}},
  url          = {https://www.plantation-productions.com/Webster/HighLevelAsm/LInuxDownload.html},
  version      = {2.16},
  date         = {2023-05-20}
}

@misc{nasm,
  author       = {Simon Tatham, Julian Hall et al.},
  title        = {{Netwide Assembler (NASM)}},
  url          = {https://www.nasm.us/},
  version      = {2.16.01},
  date         = {2023-03-08}
}

@misc{yasm,
  author       = {Peter Johnson et al.},
  title        = {{The Yasm Modular Assembler Project}},
  url          = {http://yasm.tortall.net/},
  version      = {1.3.0},
  date         = {2023-03-08}
}

@misc{8cc,
  author       = {Ueyama Rui},
  title        = {{8cc C Compiler}},
  url          = {https://github.com/rui314/8cc},
  version      = {commit b480958},
  date         = {2023-02-24}
}

@misc{chibicc,
  author       = {Ueyama Rui},
  title        = {{chibicc: A Small C Compiler}},
  url          = {https://github.com/rui314/chibicc},
  version      = {commit 90d1f7f},
  date         = {2023-02-24}
}

@misc{cparser,
  author       = {firm},
  title        = {cparser},
  url          = {https://pp.ipd.kit.edu/firm/},
  version      = {commit f2a97e0},
  date         = {2023-02-24}
}

@misc{subc,
  author       = {Nils M Holm},
  title        = {The SubC Compiler},
  url          = {https://www.t3x.org/subc/index.html},
  version      = {20220127},
  date         = {2023-05-21}
}

@misc{ack,
  author       = {Andrew Tanenbaum and Ceriel Jacobs},
  title        = {{The Amsterdam Compiler Kit}},
  url          = {https://tack.sourceforge.net/},
  version      = {6.0pre5},
  date         = {2023-02-28}
}

@misc{c,
  author       = {Andrew Chambers},
  title        = {{A small, fast C compiler suite.}},
  url          = {https://github.com/andrewchambers/c},
  version      = {commit faa3444},
  date         = {2023-02-28}
}

@misc{cproc,
  author       = {Michael Forney},
  title        = {{C11 compiler}},
  url          = {https://github.com/michaelforney/cproc},
  version      = {commit 9ae9aa6},
  date         = {2023-02-28}
}

@misc{kefir,
  author       = {Jevgēnijs Protopopovs},
  title        = {{Kefir C compiler}},
  url          = {https://github.com/protopopov1122/kefir},
  version      = {commit 95f89bd},
  date         = {2023-02-28}
}

@misc{lacc,
  author       = {Lars K. Melhus, B. Callahan and N. Korotkiy},
  title        = {{lacc: A simple, self-hosting C compiler}},
  url          = {https://github.com/larmel/lacc},
  version      = {commit 3083984},
  date         = {2023-02-28}
}

@misc{lcc,
  author       = {Christopher W. Fraser, and David R. Hanson},
  title        = {{lcc, A Retargetable Compiler for ANSI C}},
  url          = {https://drh.github.io/lcc/},
  version      = {commit 3fd0acc},
  date         = {2023-02-28}
}

@misc{musl,
  author       = {A. Wilcox et al.},
  title        = {musl libc},
  url          = {https://musl.libc.org/},
  version      = {1.2.3},
  date         = {2023-02-24}
}

@misc{uclibc-ng,
  author       = {Waldemar Brodkorb et al.},
  title        = {{uClibc-ng - Embedded C library}},
  url          = {https://www.uclibc-ng.org/},
  version      = {1.0.42},
  date         = {2023-02-24}
}

@misc{picolibc,
  author       = {Keith Packard et al.},
  title        = {{Picolibc: C Libraries for Smaller Embedded Systems}},
  url          = {https://keithp.com/picolibc/},
  version      = {1.8.1},
  date         = {2023-05-21}
}

@misc{newlib,
  author       = {Corinna Vinschen et al.},
  title        = {{Newlib}},
  url          = {https://sourceware.org/newlib/},
  version      = {4.3.0.20230120},
  date         = {2023-05-21}
}

@misc{iso9660,
  author       = {ISO/IEC JTC 1/SC 23},
  title        = {ISO/IEC 9660:2023 Information processing - Volume and file structure of CD-ROM for information interchange},
  url          = {https://www.iso.org/standard/81979.html},
  date         = {2023-05-22}
}
